@book{balacheff2000procesos,
  title={Procesos de prueba en los alumnos de matem{\'a}ticas},
  author={Balacheff, Nicolas},
  address={Colombia},
  year={2000},
  publisher={una empressa docente}
}
@book{Garnier1996-GARMP-4,
	title = {100\% Mathematical Proof},
	publisher = {John Wiley \& Son},
	author = {Rowan Garnier and John Taylor},
	year = {1996}
}

@book{garrido1974logica,
  title={L{\'o}gica simb{\'o}lica},
  author={Garrido, Manuel},
  year={1974},
  publisher={Tecnos Madrid}
}

@book{panizza2005razonar,
  title={Razonar y conocer: Aportes a la comprensi{\'o}n de la racionalidad matem{\'a}tica de los alumnos},
  author={Panizza, M.},
  isbn={9789871081738},
  series={Formaci{\'o}n docente},
  url={https://books.google.com.ar/books?id=VUqlxIAsi60C},
  year={2005},
  publisher={Editorial Libros Del Zorza}
}
 Introducción al pensamiento científico, Universidad de Buenos Aires.

@Misc{UBA21,
 title = {Introducción al pensamiento científico},
 howpublished = {Universidad de Buenos Aires},
 note = {Programa UBA XXI},
}



@book{lakatos1994pruebas,
  title={Pruebas y refutaciones: la l{\'o}gica del descubrimiento matem{\'a}tico},
  author={Lakatos, I. and Worrall, J. and Zahar, E. and Sol{\'\i}s, C.},
  isbn={9788420622064},
  lccn={75032478},
  series={Alianza Universidad},
  url={https://books.google.com.ar/books?id=6s6SSwAACAAJ},
  year={1994},
  publisher={Alianza Editorial}
}

@BOOK{grimaldi,
  author =       {R. Grimaldi},
  title =        {Matem'atica Discreta y Combinatoria},
  publisher =    {Addisonn-Wesley},
  year=          {1998},
} 

@BOOK{gentile,
  author =       {E. Gentile},
  title =        {Notas de 'Algebra},
  publisher =    {EUDEBA},
  year =         {1988},
  }
  @BOOK{strang,
  author =       {G. Strang},
  title =        {'Algebra lineal y sus aplicaciones},
  publisher =    {Adison-Wesley},
  year=          {1986},
}


@book{ RonaldS.Irving660,
    title = "Integers, Polynomials, and Rings: A Course in Algebra",
    author = "Ronald S. Irving",
    isbn = "978-03-8740-397-7",
    year = "2004",
    month = "ene",
    publisher = "Springer Science \& Business Media",
    size = "1463448 octets",
    languages = "eng" }

@book{ TeresaKrick661,
    title = "Álgebra I",
    author = "Teresa Krick",
    year = "100",
    month = "dic",
    publisher = "Departamento de Matemática, FCEyN, Universidad de Buenos Aires.",
    series = "Fasciculos de grado",
    size = "9166714 octets" }
