@article{ortiz2011julio,
  title={{J}ulio {R}ey {P}astor, su posici{\'o}n en la escuela matem{\'a}tica argentina},
  author={Ortiz, Eduardo L},
  journal={Rev. Un. Mat. Argentina},
  volume={52},
  pages={1},
  year={2011}
}

@article{stacco2011200,
  title={200 A{\~N}OS DE LA MATEM{\'A}TICA EN LA ARGENTINA.},
  author={Stacco, Edgardo L Fern{\'a}ndez},
  journal={Retrieved July},
  volume={15},
  pages={2013},
  year={2011}
}


@BOOK{hoffman,
  author =       {Hoffman, K. and Kunze, R.},
  title =        {Álgebra Lineal},
  publisher =    {Prentice Hall},
  year =         {1981},
  }




@MISC{bologna, author =       {ANEA},
  note =       {Agencia Nacional de Evaluaci'on y Acreditaci'on},
  title =        {T'itulo de Grado en Matem'aticas},
url = {www.aneca.es/modal\_eval/docs/conver\_matematicas.pdf},
  year =         {2004},
}

@MISC{pav2003,
author={SECyT-Argentina},
title = {Bases Subsidios de Proyectos de Áreas de Vacancia 2003},
url={http://www.agencia.secyt.gov.ar/}
year = {2003},
}


@MISC{siam, 
author =    {SIAM}, title =        {The SIAM report
on Mathematics in Industry}, url =
{http://202.38.126.65/mirror/www.siam.org/miirep.htm},
  year =         {1998},
}

@MISC{uma,
  author =       {UMA},
  title =        {Oferta educativa universitaria de matem'atica},
  year =         {1997},
}


@BOOK{kelley,
  author =       {J. Kelley},
  title =        {Topolog'ia General},
  publisher =    {Eudeba},
  year =         {1962},
  }


@BOOK{nakahara,
  author =       {{}Nakahara, M.},
  title =        {Geometry, Topology and Physics},
  publisher =    {Adam Hilger},
  year=          {1990},
}

@BOOK{munkres,
  author =       {J. Munkres},
  title =        {Topology},
  publisher =    {Prentice Hall},
  year =         {2000},
}

@BOOK{katok,
  author =       {A. Katok},
  title =        {An overview of basic topics in topology and related areas of geometry},
  url=           {http://www.math.psu.edu/katok_a/Sections1-8-rev.pdf}
} @BOOK{rudin,
  author =       {W. Rudin},
  title =        {Real and Complex Analysis},
  publisher =    {McGraw Hill},
  year =         {1970},
}

@BOOK{mitfourier,
  author =       {MIT},
  title =        {An'alisis  de Fourier Teor'ia y Aplicaciones},
  url =      {http://ocw.mit.edu/OcwWeb/Mathematics/},
  note =       {Material del curso del mismo nombre (MIT)},
}


@BOOK{favazo,
  author =       {N. Fava and F. Z\'o},
  title =        {Medida e Integral de Lebesgue},
  publisher =    {Red Olimpica},
  year  =        {1996},
}

@BOOK{edwardspenney,
  author =       {C. Edwards and  D. Penney},
  title =        {Differential Equations and Boundary Value Problems: Computing and Modeling},
  publisher =    {Prentice Hall},
  year =         {1996},
} @BOOK{knuth,
  author =       {D.E. Knuth},
  title =        {The Art of Computer Programming},
  publisher =    {Addison-Wesley},
  year =         {1997},
} @BOOK{aguilera,
  author =       {N. Aguilera},
  title =        {Notas para los cursos de
Computación y Programación con el lenguaje Pascal},
  url =    {http://math.unl.edu.ar/~aguilera/programacion2006},
  year =         {2006},
} @BOOK{hurewicz,
  author =       { W. Hurewicz},
  title =        {Ordinary Differencial Equations},
  publisher =    {MIT Cambridge},
  year =         {1958},
}

@BOOK{conway,
  author =       {J. Conway},
  title =        {Functions of one complex variable},
  publisher =    {Springer},
  year =         {1978},
} 

@BOOK{churchill,
  author =       { R. Churchill},
  title =        {Variable Compleja},
  publisher =    {Mc. Graw Hill},
  year =         {1992},
 }

@BOOK{morgan,
  author =       {F. Morgan},
  title =        {Riemannian Geometry},
  publisher =    {Jones and Bartlett},
  year =         {1993},
}

@BOOK{oprea,
  author =       {J. Oprea},
  title =        {Differential Equations and its Applications},
  publisher =    {Prentice Hall},
  year =         {1997},
} @BOOK{docarmo,
  author =       {N. {Do Carmo}},
  title =        {Elementos de Geometría Diferencial},
  publisher =    {Universidad de Brasilia},
  year =         {1971},
}

@BOOK{oneill,
  author =       {B. O Neill},
  title =        {Elementos de Geometr'ia Diferencial},
  publisher =    {Limusa},
  year =         {1972},
}





@BOOK{henricii,
  author =       {P. Henrici},
  title =        {Applied and computational complex analysis},
  publisher =    {John Wiley \& Sons},
  year =         {1974},
  volume=       {I}
}


@BOOK{henriciii,
  author =       {P. Henrici},
  title =        {Applied and computational complex analysis},
  publisher =    {John Wiley \& Sons},
  year =         {1977},
  volume=         {II}
}

@BOOK{henriciiii,
  author =       {P. Henrici},
  title =        {Applied and computational complex analysis},
  publisher =    {John Wiley \& Sons},
  year =         {1986},
  volume= {III}
}

@BOOK{golub,
  author =       {C.  Golub  and C. Van Loan},
  title =        {Matrix Computation},
  publisher =    {The John Hopkins University Press},
  year =         {1996},
}

@BOOK{mertins,
  author =       {A. Mertins},
  title =        {Signal Analysis},
  publisher =    {John Wiley and Sons},
  year =         {1996},
}

@BOOK{atiyah,
  author =       {M. Atiyah},
  title =        {The geometry and physics of knots},
  publisher =    {Cambridge University Press},
  year =         {1990},
}

@BOOK{arnold,
  author =       {V. Arnold},
  title =        {Lectures on Partial Differenrial Equations},
  publisher =    {Springer},
  year =         {2004},
}

@BOOK{nashsen,
  author =       { {}Nash, C.  and S. Sen},
  title =        {Topology and Geometry   for Physicists},
  publisher =    {Academic Press},
  year =         {1983},
}




@BOOK{hunter,
  author =       {{}Nachtergaele, B. and  Hunter, J.},
  title =        {Applied Analysis  },
  publisher =    {World Scientific},
  year =         {2001},
 }


@BOOK{ahlfors,
  author =       {L. Ahlfors},
  title =        {Complex Analysis},
  publisher =    {McGraw-Hill},
  year =         {1966},
}

@BOOK{churchill,
  author =       {R. Churchill, J. Brown y R. Verhey},
  title =        {Variable Compleja y sus Aplicaciones},
  publisher =    {McGraw Hill},
  year =         {1978},
}



@BOOK{dugundji,
  author =       {J. Dugundji},
  title =        {Topology},
  publisher =    {Prentice Hall},
  year =         {1975},
} @BOOK{evansgariepy,
  author =       {L. Evans and R. Gariepy},
  title =        {Measure Theory and Fine Properties of Functions},
  publisher =    {CRC Press},
  year =         {1992},
  }

@BOOK{reedsimon,
  author =       {M. Reed and B. Simon},
  title =        {Methods of modern mathematical physics},
  publisher =    {Academic Press},
  year =         {1980},
  volume =       {I},
} @BOOK{marsdenratiu,
  author =       {J. Marsden y T. Ratiu},
  title =        {Manifolds, tensor analysis, and applications},
  publisher =    {Springer},
  year =         {1988},
} @BOOK{devorelorentz,
  author =       {R. de Vore y G. Lorentz},
  title =        {Constructive Approximation},
  publisher =    {Springer},
  year =         {1993},
  volume =       {I},
} @BOOK{evans,
  author =       {L. Evans},
  title =        {Partial differential equations},
  publisher =    {AMS},
  year =         {1998},
}




@BOOK{sotomayor,
  author =       {J. Sotomayor},
  title =        {Li\c{c}\~oes de Equa\c{c}\~oes Diferencias Ordin'arias},
  publisher =    {CNPq, Brasilea},
  year =         {1979},
}

@BOOK{hirschsmale,
  author =       {M. Hirsch y S. Smale},
  title =        {Differential Equations, Dynamical System and Linear Algebra},
  publisher =    {Academic Press},
  year =         {1974},
}


@BOOK{meer,
  author =       {M. Meerschaert},
  title =        {Mathematical Modeling},
  publisher =    {Academic Press},
  year =         {1999},
}

@BOOK{bellomopresiozi,
  author =       {N. Bellomo and L. Presiozi},
  title =        {Modelling Mathematical Methods and Scientific Computation},
  publisher =    {CRC Press},
  year =         {1995},
}

@BOOK{daehlen,
  author =       {M. D{\ae}hlen and A. Tveito},
  title =        {Numerical Methods and Software Tools in Industrial Mathematics},
  publisher =    {Birkh\"{a}user},
  year =         {1997},
}

@BOOK{meyer,
  author =       {C. Meyer},
  title =        {Matrix Analysis and Applied Linear Algebra},
  publisher =    {SIAM},
  year =         {2000},
}

@BOOK{conway2,
  author =       {J. Conway},
  title =        {A Course in Functional Analysis},
  publisher =    {Springer},
  year =         {1985},
}

@BOOK{brezis,
  author =       {H. Br'ezis},
  title =        {An'alisis Funcional},
  publisher =    {Alianza Editorial},
  year =         {1984},
}

@BOOK{howison,
  author =       {S. Howison},
  title =        {Practical Applied Mathematics: Modelling, Analysis, Approximation},
  publisher =    {Cambridge University Press},
  year =         {2005},
}

@BOOK{maccluer,
  author =       {C. MacCluer},
  title =        {Industrial Mathematices, Modelling in Industry, Science, and Goverment},
  publisher =    {Prentice-Hall},
  year =         {2000},
}

@BOOK{sato,
  author =       {H. Sato},
  title =        {Algebraic Topology: An Intuitive Approach},
  publisher =    {AMS},
  year =         {1999},
}


@BOOK{casella,
  author =       {G. Casella and R. Berger},
  title =        {Statistical Inferencce},
  publisher =    {Duxbury Press},
  year =         {1990},
}

@BOOK{steven,
  author =       {Arnold, S.},
  title =        {Mathematical Statistics},
  publisher =    {Prentice-Hall},
  year =         {1990 },
  }


@BOOK{GJE,
  author =       {Jennings, G.},
  title =        {Modern Geometry with Applications},
  publisher =    {Springer},
  year =         {1994},
  }


@BOOK{stewart,
  author =       {J. Stewart},
  title =        {C'alculo de una Variable},
  publisher =    {Thomson Learning},
  year =         {2001},
  }

@BOOK{spivak,
  author =       {M. Spivak},
  title =        {Calculus},
  publisher =    {Revert'e},
  year =         {1988},
  }
@BOOK{apostol,
  author =       {T. Apostol},
  title =        {Calculus I},
  publisher =    {Reverte},
  year=          {1999},
  }



@BOOK{villamayor,
  author =       {O. Villamayor},
  title =        {Geometr'ia Elemental a Nivel Universitario},
  publisher =    {Red Olímpica OMA},
  year =         {1997},
  volume =       {I},
 }

@BOOK{larrotonda,
  author =       {A. Larrotonda},
  title =        { 'Algebra lineal y geometr'ia},
  publisher =    {EUDEBA},
  year =         {1977},
} @BOOK{scholl,
  author =       {P. Scholl  and J.  Peyrin},
  title =        {Esquemas algor'itmicos fundamentales. Secuencias e iteraci'on},
  publisher =    {Masson},
  year =         {1991},
  }


@BOOK{aho,
  author =       {A. Aho and J. Hopcroft and J. Ullman},
  title =        {Estructura de datos y algor'itmos},
  publisher =    {Addison Wesley},
  year =         {1987},
} @BOOK{anton,
  author =       {Ant'on},
  title =        {Introducción al 'algebra lineal},
  publisher =    {Limusa},
  year =         {1998},
  }



@BOOK{herstein,
  author =       {I. Herstein},
  title =        {'Algebra Moderna},
  publisher =    {De Trillas},
  year =         {1994},
}


@BOOK{marsdentromba,
  author =       {J. Marsden and A. Tromba},
  title =        {C'alculo Vectorial},
  publisher={Addison-Wesley},
  year={2004},
  }



@BOOK{burden,
  author =       {R. Burden  and J. Faires},
  title =        {An'alisis num'erico},
  publisher =    {Grupo Editorial  Iberoamericano},
  year=           {1985},
}

@BOOK{cheney,
  author =       {D. Kincaid and W. Cheney},
  title =        {C'alculo Num'erico},
  publisher =    {Addisson- Wessley},
  year={1994},
  }


@BOOK{mendenhall,
  author =       {W. Mendenhall},
  title =        {Estad'istica Matem'atica y sus Aplicaciones},
  publisher =    {Grupo Editorial Iberoam'erica},
  year =         {1994},
  }

@BOOK{parzen,
  author =       {E. Parzen},
  title =        {Teor'ia Moderna de Probabilidades y sus  Aplicaciones},
  publisher =    { Limusa},
  year =         {1987},
  }



@BOOK{ross,
  author =       {S. Ross},
  title =        {A first course in probability},
  publisher =    { Pearson},
  year =         {2018},
  }




@BOOK{berts,
  author =       {D. Bertsekas and J. Tsitsiklis},
  title =        {Introduction to Probability},
  publisher =    {Athena Scientific},
  year =         {2002},
  }


@BOOK{grimmet,
  author =       {G. Grimmett and D. Stirzaker},
  title =        {Probability and Random Processes},
  publisher =    {Oxford University Press},
  year =         {2020},
  }





@BOOK{roederer,
  author =       {J. Roederer},
  title =        {Mec'anica elemental},
  publisher =    {EUDEBA},
  year =         {1986},
}


@BOOK{sears,
  author =       {F. Sears},
  title =        {Mec'anica y movimientos ondulatorios},
  publisher =    {Aguilar},
  year =         {1965},
}


@BOOK{lang,
  author =       {S. Lang},
  title =        {'Algebra},
  publisher =    {Adisson-Wesley},
  year=           {1974},
}

@BOOK{steinsha,
  author =       {E. Stein and R. Shakarchi},
  title =        {Fourier Analysis},
  publisher =    {Princeton University Press},
  year =         {2003},
}

@BOOK{grossman,
  author =       { S. Grossman},
  title =        {Aplicaci'on de 'Algebra Lineal},
  publisher =    {Mc. Graw Hill},
  year =         {1992},
}


@BOOK{haufmann,
  author =       {A. Haufmann},
  title =        {M'etodos y Modelos de la Investigaci'on de Operaciones},
  publisher =    {Compan'ia Editorial Continental S.A.},
  year =         {1972},
  volume =       {I y II},
}



@BOOK{gilbarg,
  author =       {D. Gilbarg y  N. Trudinger},
  title =        {Elliptic Partial Differential Equations of Second Order},
  publisher =    {Springer},
  year =         {1998},
} @BOOK{ekel,
  author =       {Y. Ekeland  and R.Teman},
  title =        {Analyse Convexe et Problemes Variationnelles},
  publisher =    {Dunod-Gauthier Villars},
  year =         {1973},
} @BOOK{kinder,
  author =       {D. Kinderlehrer and G. Stampacchia},
  title =        {An Introduction to Variational Inequalities and their Aplications},
  publisher =    {Academic Press},
  year =         {1980},
  }
@BOOK{hill,
  author =       {J. Hill},
  title =        {One-dimensional Stefan Problems},
  publisher =    {Longman},
  year =         {1978},
} @BOOK{tarzia,
    author =       {D.  Tarzia},
    title =        {Problemas de Conducci'on del Calor-El Problema de Stefan},
    address =      {Posadas},
    year =      {1996},
    annote =       {Curso de Especialización en Matem'atica Aplicada},
}

@BOOK{karr,
  author =       {A. Karr},
  title =        {Probability},
  publisher =    {Springer},
  year=          {1993},
  }


@BOOK{barry,
  author =       {J. Barry},
  title =        {Probabilidade um curso em nivel intermediario},
  year=          {2002},
  publisher=     {IMPA},
  }

@BOOK{breiman,
  author =       {L. Breiman},
  title =        {Probability},
  publisher =    {Siam},
  year=          {1992},
  }

@BOOK{karlin,
  author =       {Taylor, H. and S. Karlin},
  title =        {An Introduction to Stochastic Modeling},
  publisher =    {Academic Press},
  year={1998},
} @BOOK{parzen2,
  author =       {E. Parzen},
  title =        {Procesos Estoc'asticos},
  publisher =    {Paraninfo},
  year={1972},
} @BOOK{cox,
  author =       {D. Cox and H. Miller},
  title =        {The Theory of Stochastics Processes},
  publisher =    {John Wiley \& Sons},
}






@BOOK{allen,
  author =       {L. Allen},
  title =        {Stochastics Processes with Applications to Biology},
  publisher =    {Pearson Education},
  year={2002},
 }
@BOOK{casella,
  author =       {G. Casella  and R. Berger},
  title =        {Statistical Inference},
  publisher =    {Duxbury Press},
  year      =    {1990},
 }
@BOOK{bickel,
  author =       {P. Bickel and K. Doksum},
  title =        {Mathematical Statistics},
  publisher =    {Wiley},
  year =         {1987},
} @BOOK{rohatgi,
  author =       {V. Rohatgi},
  title =        {An Introduction to Probability Theory and Mathematical Statistical},
  publisher =    {John Wiley and Sons},
  year =         {1976},
}

@BOOK{sarnold,
  author =       {S. Arnold},
  title =        {Mathematical Statistics},
  publisher =    {Prentice Hall},
  year =         {1990},
}

@BOOK{rawlyngs,
  author =       {J. Rawlyngs},
  title =        {Applied Regression Analysis: A Research Tool},
  publisher =    {Wadsworth \& Brrooks},
  year =         {1988},
}

@BOOK{searle,
  author =       {S. Searle},
  title =        {Modelos Lineales},
  publisher =    {John Wiley \& Sons},
  year =         {1971},
 }

@BOOK{peck,
  author =       {D. Montgomery and E. Peck },
  title =        {Introduction to Linear Regression Analysis},
  publisher =    {John Wiley \& Sons},
  year =         {1982},
 }

@BOOK{larson,
  author =       {R. Larson and R. Hostetler and B. Edwards},
  title =        {C'alculo y Geometr'ia Anal'itica},
  publisher =    {McGraw-Hill},
  year =         {1995},
  volume =       {I},
 }

@BOOK{larson2,
  author =       {R. Larson and R. Hostetler and B. Edwards},
  title =        {C'alculo y Geometr'ia Anal'itica},
  publisher =    {McGraw-Hill},
  year =         {1995},
  volume =       {II},
 }
@BOOK{pinsky,
  author =       {Pinsky, M.},
  title =        {Introductión to partial differential equations with
    applications},
  publisher =    {Mc. Graw-Hill},
  year =         {1984},
} @BOOK{alder,
  author =       {Alder, B. and Fernbach, S. and Rotemberg M.},
  title =        {Computacional
Physic},
  publisher =    {Academic Press},
  year =         {1963},
}


@BOOK{loeve,
  author =       {M. Lo\`{e}ve},
  title =        {Probability Theory},
  publisher =    {Springer},
  year =         {1977},
  volume =       {I},
 }

@BOOK{couranthilbert,
  author =       {R. Courant and D. Hilbert},
  title =        {Methods of Mathematical Physics},
  publisher =    {Wiley},
  year =         {1966},
  volume =       {I},
}

@BOOK{coxeter,
  author =       {H. Coxeter},
  title = {Introduction to Geometry},
  publisher =        {John Wiley \& Sons, Inc},
  publisher =    {Wiley},
  year =         {1969},
  }

@BOOK{gilbert,
  author =       {N. Gilbert and T. Porter},
  title = {Knots and Surfaces},
  publisher =        {Oxford University Press},
  year =         {1994},
  }

@BOOK{guzman,
  author =       {M. de Guzmán},
  title = {Para pensar mejor},
  }
@BOOK{polya,
  author =       {G. Polya},
  title = {Como plantear y resolver problemas},
  }
@BOOK{fauring,
  author =       { Fauring and
Wagner and Wykowsky and otros},
  title = {Problemas de olimpíadas},
  }
@BOOK{taubes,
  author =       {C. H. Taubes},
  title =        {Modeling Differential Equations in Biology},
  publisher =    {Prentice Hall},
  year =         {2001},
  }
@BOOK{kendall,
author =       {K. Atkinson and W. Han},
  title =        {Theoretical Numerical Analysis},
  publisher =    {Springer},
  year =         {2001},
  }



@BOOK{klimo1,
author =       {G. Klimovsky},
  title =        {Las Desventuras del Conocimiento Científico},
  publisher =    {AZ editora},
  year =         {1997},
  }



@BOOK{klimo2,
author =       {G. Klimovsky},
  title =        {Las Desventuras del Conocimiento Matemático},
  publisher =    {AZ editora},
  year =         {2005},
  }


@BOOK{johshua,
author =       {S. Johsua  and J. J. Dupín},
  title =        {Introducción a la Didáctica de las Ciencias y la Matemática},
  publisher =    {Colihue},
  year =         {2005},
  }


@BOOK{thomas,
author =       {J.W. Thomas},
  title =        {Numerical Partial Differential Equations},
  publisher =    {Springer},
  year =         {1995},
  }

@BOOK{brenner,
author =       {S. Brenner and L. R. Scott},
  title =        {The Matematical Theory of Finite Element Analysis},
  publisher =    {Springer},
  year =         {1994},
  }


 @book{rice1964approximation,
  title={The Approximation of Functions: Linear theory},
  author={Rice, J.R.},
  lccn={lc63016568},
  series={Addison-Wesley Series in Computer Science and Information Processing},
  url={https://books.google.com.ar/books?id=\_lsWMQAACAAJ},
  year={1964},
  publisher={Mass., Addison-Wesley Publishing Company}
}

@book{lorentz2005approximation,
  title={Approximation of Functions},
  author={Lorentz, G.G.},
  isbn={9780821840504},
  lccn={85072465},
  series={AMS Chelsea Publishing Series},
  url={https://books.google.com.ar/books?id=8VMrOmTKSe0C},
  year={2005},
  publisher={Holt, Rinehart and Winston}
}
@book{meinardus2012approximation,
  title={Approximation of Functions: Theory and Numerical Methods},
  author={Meinardus, G. and Schumaker, L.L.},
  isbn={9783642856433},
  series={Springer Tracts in Natural Philosophy},
  url={https://books.google.com.ar/books?id=tWXrCAAAQBAJ},
  year={2012},
  publisher={Springer Berlin Heidelberg}
}
@book{betounes2009differential,
  title={Differential Equations: Theory and Applications},
  author={Betounes, D.},
  isbn={9781441911636},
  lccn={2009938714},
  url={https://books.google.com.ar/books?id=imN\_8IuZ8l8C},
  year={2009},
  publisher={Springer New York}
}
@book{teschl2012ordinary,
  title={Ordinary Differential Equations and Dynamical Systems},
  author={Teschl, G.},
  isbn={9780821883280},
  lccn={2012015024},
  series={Graduate studies in mathematics},
  url={https://books.google.com.ar/books?id=FZ0CAQAAQBAJ},
  year={2012},
  publisher={American Mathematical Society}
}
@book{mawhin2013critical,
  title={Critical Point Theory and Hamiltonian Systems},
  author={Mawhin, J.},
  isbn={9781475720617},
  lccn={88039058},
  series={Applied Mathematical Sciences},
  url={https://books.google.com.ar/books?id=w6bTBwAAQBAJ},
  year={2013},
  publisher={Springer New York}
}
@book{buttazzo1998one,
  title={One-dimensional Variational Problems: An Introduction},
  author={Buttazzo, G. and Giaquinta, M. and Hildebrandt, S.},
  isbn={9780198504658},
  lccn={99214744},
  series={Oxford Lecture Series in Mathe},
  url={https://books.google.com.ar/books?id=fursm\_sGf\_EC},
  year={1998},
  publisher={Clarendon Press}
}
@book{boothby2003introduction,
  title={An Introduction to Differentiable Manifolds and Riemannian Geometry},
  author={Boothby, W.M.},
  isbn={9780121160517},
  lccn={2001097950},
  series={Pure and Applied Mathematics},
  url={https://books.google.com.ar/books?id=DFYs99E-IFYC},
  year={2003},
  publisher={Academic Press}
}
@book{do2012differential,
  title={Differential Forms and Applications},
  author={Do Carmo, M.P.},
  isbn={9783642579516},
  lccn={94021965},
  series={Universitext},
  url={https://books.google.com.ar/books?id=5yLwCAAAQBAJ},
  year={2012},
  publisher={Springer Berlin Heidelberg}
}
@book{spivak1988calculo,
  title={C{\'a}lculo en variedades},
  author={Spivak, M.},
  isbn={9788429151428},
  url={https://books.google.com.ar/books?id=2HBMUI6xIJIC},
  year={1988},
  publisher={Revert{\'e}}
}
@book{watkins2004fundamentals,
  title={Fundamentals of Matrix Computations},
  author={Watkins, D.S.},
  isbn={9780471461678},
  lccn={2002071332},
  series={Pure and Applied Mathematics: A Wiley Series of Texts, Monographs and Tracts},
  url={https://books.google.com.ar/books?id=xi5omWiQ-3kC},
  year={2004},
  publisher={Wiley}
}
@book{helgason2001differential,
  title={Differential Geometry, Lie Groups, and Symmetric Spaces},
  author={Helgason, S.},
  isbn={9780821828489},
  lccn={2001022205},
  series={Crm Proceedings \& Lecture Notes},
  url={https://books.google.com.ar/books?id=a9KFAwAAQBAJ},
  year={2001},
  publisher={American Mathematical Society}
}
@Book{KR,
  Title                    = {Convex functions and {O}rlicz spaces},
  Author                   = {Krasnosel'ski{\u\i}, M. A. and Ruticki{\u\i}, Ja. B.},
  Publisher                = {P. Noordhoff Ltd., Groningen},
  Year                     = {1961}
}
@book{bennett1988interpolation,
  title={Interpolation of Operators},
  author={Bennett, C. and Sharpley, R.C.},
  isbn={9780080874487},
  series={Pure and Applied Mathematics},
  url={https://books.google.com.ar/books?id=HpqF9zjZWMMC},
  year={1988},
  publisher={Elsevier Science}
}
@book{artin,
  title={Teoría de Galois},
  author={Artin, E.},
  year={1970},
  publisher={Vicens-Vives, España}
}

@book{chevallard,
  title={Estudiar matemáticas, el eslabón perdido entre enseñanza y aprendizaje},
  author={Chevallard, Y. and Bosch, M. and Gascón, J.},
  year={1977},
  publisher={Barcelona: ICE Universidad Autónoma y Ed. Horsori}
}

@book{hastie2013elements,
  title={The Elements of Statistical Learning: Data Mining, Inference, and Prediction},
  author={Hastie, T. and Tibshirani, R. and Friedman, J.},
  isbn={9780387216065},
  lccn={2001031433},
  series={Springer Series in Statistics},
  url={https://books.google.com.ar/books?id=yPfZBwAAQBAJ},
  year={2013},
  publisher={Springer New York}
}
@book{james2013introduction,
  title={An Introduction to Statistical Learning: with Applications in R},
  author={James, G. and Witten, D. and Hastie, T. and Tibshirani, R.},
  isbn={9781461471387},
  lccn={13936251},
  series={Springer Texts in Statistics},
  url={https://books.google.com.ar/books?id=qcI\_AAAAQBAJ},
  year={2013},
  publisher={Springer New York}
}
@article{brousseau1986fundamentos,
  title={Fundamentos y m{\'e}todos de la Did{\'a}ctica de la Matem{\'a}tica},
  author={Brousseau, Guy},
  journal={Recherches en didactique des mathematiques},
  volume={7},
  number={2},
  pages={33--115},
  year={1986}
}
@article{godino2012origen,
  title={Origen y aportaciones de la perspectiva ontosemi{\'o}tica de investigaci{\'o}n en Did{\'a}ctica de la Matem{\'a}tica},
  author={Godino, JD},
  journal={Investigaci{\'o}n en Educaci{\'o}n Matem{\'a}tica XVI},
  pages={49--68},
  year={2012}
}


@book{maronna2006robust,
  title={Robust Statistics: Theory and Methods},
  author={Maronna, R.A. and Martin, D.R. and Yohai, V.J.},
  isbn={9780470010921},
  series={Wiley Series in Probability and Statistics},
  url={https://books.google.com.ar/books?id=iFVjQgAACAAJ},
  year={2006},
  publisher={Wiley}
}

@book{beneitone2007reflexiones,
  title={Reflexiones y perspectivas de la educaci{\'o}n superior en Am{\'e}rica Latina: informe final Proyecto Tuning Am{\'e}rica Latina : 2004-2007},
  author={Beneitone, P. and Proyecto Tuning Am{\'e}rica Latina and Rijksuniversiteit te Groningen and Universidad de Deusto},
  isbn={9788498300789},
  url={https://books.google.com.ar/books?id=1HslAQAAIAAJ},
  year={2007},
  publisher={Universidad de Deusto}
}


@book{paniagua2013educacion,
  title={Educaci{\'o}n superior en Am{\'e}rica Latina, reflexiones y perspectivas en Matem{\'a}ticas},
  author={Paniagua, M.J.A. and Universidad de Deusto and Rijksuniversiteit Groningen},
  url={https://books.google.com.ar/books?id=LQf2jgEACAAJ},
  year={2013},
  publisher={Universidad de Deusto}
}

@book{society1996siam,
  title={SIAM Report on Mathematics in Industry},
  author={SIAM},
  year={1996},
  publisher={SIAM}
}

@book{society2012siam,
  title={Mathematics in Industry},
  author={SIAM},
  year={2012},
  isbn={978-1-611972-37-5},
  publisher={SIAM}
}

@book{damlamian2013educational,
  title={Educational Interfaces between Mathematics and Industry: Report on an ICMI-ICIAM-Study},
  author={Damlamian, A. and Rodrigues, J.F. and Str{\"a}{\ss}er, R.},
  isbn={9783319022703},
  series={New ICMI Study Series},
  year={2013},
  publisher={Springer International Publishing}
}

@misc{CCP,
title={Actividades Investigación Evaluativa,
Licenciatura en Matemática},
author={{CCP} {L}ic. en {M}atemática},
year={2018},
}
