
@book{ HaimBrezis130,
    title = "Functional Analysis, Sobolev Spaces and Partial Differential Equations",
    title_sort = "Functional Analysis, Sobolev Spaces and Partial Differential Equations",
    author_sort = "Brezis, Haim",
    author = "Haim Brezis",
    cover = "/home/fernando/fer/Biblioteca/Biblioteca de calibre/Haim Brezis/Functional Analysis, Sobolev Spaces and Partial Differential Equations (130)/cover.jpg",
    isbn = "978-03-8770-913-0",
    year = "2010",
    month = "nov",
    publisher = "Springer Science \& Business Media",
    size = "2608077 octets" }

@book{ EmmanueleDibenedetto159,
    title = "Real Analysis",
    title_sort = "Real Analysis",
    author_sort = "Dibenedetto, Emmanuele",
    author = "Emmanuele Dibenedetto",
    cover = "/home/fernando/fer/Biblioteca/Biblioteca de calibre/Emmanuele Dibenedetto/Real Analysis (159)/cover.jpg",
    isbn = "978-14-9394-005-9",
    year = "2016",
    month = "oct",
    publisher = "Birkh√§user",
    size = "6709046 octets" }

@book{ FrankH.Clarke334,
    title = "Optimization and Nonsmooth Analysis",
    title_sort = "Optimization and Nonsmooth Analysis",
    author_sort = "Clarke, Frank H.",
    author = "Frank H. Clarke",
    cover = "/home/fernando/fer/Biblioteca/Biblioteca de calibre/Frank H. Clarke/Optimization and Nonsmooth Analysis (334)/cover.jpg",
    isbn = "978-08-9871-256-8",
    year = "1987",
    month = "ene",
    publisher = "SIAM",
    size = "2249954 octets" }

@book{ FrancisClarke335,
    title = "Functional Analysis, Calculus of Variations and Optimal Control",
    title_sort = "Functional Analysis, Calculus of Variations and Optimal Control",
    author_sort = "Clarke, Francis",
    author = "Francis Clarke",
    cover = "/home/fernando/fer/Biblioteca/Biblioteca de calibre/Francis Clarke/Functional Analysis, Calculus of Variations and Optimal Control (335)/cover.jpg",
    isbn = "978-14-4714-820-3",
    year = "2013",
    month = "feb",
    publisher = "Springer Science \& Business Media",
    size = "3498677 octets" }

@book{ JohnBConway489,
    title = "A Course in Functional Analysis",
    title_sort = "A Course in Functional Analysis",
    author_sort = "Conway, John B",
    author = "John B Conway",
    cover = "/home/fernando/fer/Biblioteca/Biblioteca de calibre/John B Conway/A Course in Functional Analysis (489)/cover.jpg",
    isbn = "978-14-7574-383-8",
    year = "2019",
    month = "mar",
    publisher = "Springer",
    size = "3282921 octets" }

@book{ NelsonDunford502,
    title = "Linear Operators, Part 2: Spectral Theory, Self Adjoint Operators in Hilbert Space",
    title_sort = "Linear Operators, Part 2: Spectral Theory, Self Adjoint Operators in Hilbert Space",
    author_sort = "Dunford, Nelson \& Schwartz, Jacob T.",
    author = "Nelson Dunford and Jacob T. Schwartz",
    isbn = "978-04-7160-847-9",
    year = "1988",
    month = "feb",
    publisher = "Wiley",
    size = "7647107 octets" }

@book{ NelsonDunford503,
    title = "Linear Operators: Spectral Operators",
    title_sort = "Linear Operators: Spectral Operators",
    author_sort = "Dunford, Nelson \& Schwartz, Jacob T.",
    author = "Nelson Dunford and Jacob T. Schwartz",
    isbn = "978-04-7122-639-0",
    year = "1971",
    month = "may",
    publisher = "Wiley-Interscience",
    size = "4177931 octets" }

@book{ NelsonDunford504,
    title = "Linear Operators",
    title_sort = "Linear Operators",
    author_sort = "Dunford, Nelson \& Schwartz, Jacob T. \& Bade, William G. \& Bartle, Robert G.",
    author = "Nelson Dunford and Jacob T. Schwartz and William G. Bade and Robert G. Bartle",
    isbn = "04-7022-605-6",
    year = "1958",
    month = "may",
    publisher = "Interscience Publishers",
    size = "12587952 octets" }

@book{ A.N.Kolmogorov682,
    title = "Introductory Real Analysis",
    title_sort = "Introductory Real Analysis",
    author_sort = "Kolmogorov, A. N. \& Fomin, S. V.",
    author = "A. N. Kolmogorov and S. V. Fomin",
    cover = "/home/fernando/fer/Biblioteca/Biblioteca de calibre/A. N. Kolmogorov/Introductory Real Analysis (682)/cover.jpg",
    isbn = "978-04-8661-226-3",
    year = "1975",
    month = "jun",
    publisher = "Courier Corporation",
    size = "5215853 octets" }

@book{ NikolaosKatzourakis684,
    title = "An Illustrative Introduction to Modern Analysis",
    title_sort = "An Illustrative Introduction to Modern Analysis",
    author_sort = "Katzourakis, Nikolaos \& Varvaruca, Eugen",
    author = "Nikolaos Katzourakis and Eugen Varvaruca",
    cover = "/home/fernando/fer/Biblioteca/Biblioteca de calibre/Nikolaos Katzourakis/An Illustrative Introduction to Modern Analysis (684)/cover.jpg",
    isbn = "978-13-5176-532-9",
    year = "2018",
    month = "ene",
    publisher = "CRC Press",
    size = "4684392 octets" }

@book{ EberhardZeidler806,
    title = "Nonlinear Functional Analysis and Its Applications: I: Fixed-Point Theorems",
    title_sort = "Nonlinear Functional Analysis and Its Applications: I: Fixed-Point Theorems",
    author_sort = "Zeidler, Eberhard",
    author = "Eberhard Zeidler",
    cover = "/home/fernando/fer/Biblioteca/Biblioteca de calibre/Eberhard Zeidler/Nonlinear Functional Analysis and Its Applications\_ I\_ Fixed-Point Theorems (806)/cover.jpg",
    isbn = "978-03-8790-914-1",
    year = "1998",
    month = "nov",
    publisher = "Springer New York",
    size = "7551176 octets" }

@book{ E.Zeidler807,
    title = "Nonlinear Functional Analysis and Its Applications: IV: Applications to Mathematical Physics",
    title_sort = "Nonlinear Functional Analysis and Its Applications: IV: Applications to Mathematical Physics",
    author_sort = "Zeidler, E.",
    author = "E. Zeidler",
    cover = "/home/fernando/fer/Biblioteca/Biblioteca de calibre/E. Zeidler/Nonlinear Functional Analysis and Its Applications\_ IV\_ Applications to Mathematical Physics (807)/cover.jpg",
    isbn = "978-03-8796-499-7",
    year = "1997",
    month = "abr",
    publisher = "Springer New York",
    size = "7071234 octets" }

@book{ E.Zeidler808,
    title = "Nonlinear Functional Analysis and Its Applications: III: Variational Methods and Optimization",
    title_sort = "Nonlinear Functional Analysis and Its Applications: III: Variational Methods and Optimization",
    author_sort = "Zeidler, E.",
    author = "E. Zeidler",
    cover = "/home/fernando/fer/Biblioteca/Biblioteca de calibre/E. Zeidler/Nonlinear Functional Analysis and Its Applications\_ III\_ Variational Methods and Optimization (808)/cover.jpg",
    isbn = "978-03-8790-915-8",
    year = "1984",
    month = "nov",
    publisher = "Springer New York",
    size = "7855131 octets" }

@book{ E.Zeidler809,
    title = "Nonlinear Functional Analysis and Its Applications: II/ A: Linear Monotone Operators",
    title_sort = "Nonlinear Functional Analysis and Its Applications: II/ A: Linear Monotone Operators",
    author_sort = "Zeidler, E.",
    author = "E. Zeidler",
    cover = "/home/fernando/fer/Biblioteca/Biblioteca de calibre/E. Zeidler/Nonlinear Functional Analysis and Its Applications\_ II\_ A\_ Linear Monotone Operators (809)/cover.jpg",
    isbn = "978-03-8796-802-5",
    year = "1989",
    month = "dic",
    publisher = "Springer Science \& Business Media",
    size = "13593334 octets" }

@book{ MichelWillem870,
    title = "Functional Analysis: Fundamentals and Applications",
    title_sort = "Functional Analysis: Fundamentals and Applications",
    author_sort = "Willem, Michel",
    author = "Michel Willem",
    cover = "/home/fernando/fer/Biblioteca/Biblioteca de calibre/Michel Willem/Functional Analysis\_ Fundamentals and Applications (870)/cover.jpg",
    isbn = "978-14-6147-004-5",
    year = "2013",
    month = "ago",
    publisher = "Springer Science \& Business Media",
    size = "1313316 octets" }

@book{ WalterRudin1039,
    title = "Functional Analysis",
    title_sort = "Functional Analysis",
    author_sort = "Rudin, Walter",
    author = "Walter Rudin",
    cover = "/home/fernando/fer/Biblioteca/Biblioteca de calibre/Walter Rudin/Functional Analysis (1039)/cover.jpg",
    isbn = "978-00-7054-236-5",
    year = "1991",
    month = "ago",
    publisher = "McGraw-Hill",
    size = "7145753 octets" }

@book{ AntonioAmbrosetti1449,
    title = "A Primer of Nonlinear Analysis",
    title_sort = "A Primer of Nonlinear Analysis",
    author_sort = "Ambrosetti, Antonio \& Prodi, Giovanni",
    author = "Antonio Ambrosetti and Giovanni Prodi",
    cover = "/home/fernando/fer/Biblioteca/Biblioteca de calibre/Antonio Ambrosetti/A Primer of Nonlinear Analysis (1449)/cover.jpg",
    isbn = "978-05-2137-390-6",
    year = "1993",
    month = "feb",
    publisher = "Cambridge University Press",
    size = "3463441 octets" }

@book{ BernardBeauzamy1451,
    title = "Introduction to Banach Spaces and Their Geometry",
    title_sort = "Introduction to Banach Spaces and Their Geometry",
    author_sort = "Beauzamy, Bernard",
    author = "Bernard Beauzamy",
    cover = "/home/fernando/fer/Biblioteca/Biblioteca de calibre/Bernard Beauzamy/Introduction to Banach Spaces and Their Geometry (1451)/cover.jpg",
    isbn = "978-04-4487-878-6",
    year = "1985",
    month = "oct",
    publisher = "North-Holland",
    size = "1529386 octets" }

@book{ W.B.Johnson1452,
    title = "Handbook of the Geometry of Banach Spaces",
    title_sort = "Handbook of the Geometry of Banach Spaces",
    author_sort = "Desconocido",
    author = "W.B. Johnson and J. Lindenstrauss",
    cover = "/home/fernando/fer/Biblioteca/Biblioteca de calibre/W.B. Johnson/Handbook of the Geometry of Banach Spaces (1452)/cover.jpg",
    isbn = "978-00-8053-280-6",
    year = "2001",
    month = "ago",
    publisher = "Elsevier",
    size = "6201565 octets" }

@book{ W.B.Johnson1453,
    title = "Handbook of the Geometry of Banach Spaces",
    title_sort = "Handbook of the Geometry of Banach Spaces",
    author_sort = "Desconocido",
    author = "W.B. Johnson and J. Lindenstrauss",
    cover = "/home/fernando/fer/Biblioteca/Biblioteca de calibre/W.B. Johnson/Handbook of the Geometry of Banach Spaces (1453)/cover.jpg",
    isbn = "978-00-8053-350-6",
    year = "2003",
    month = "may",
    publisher = "Elsevier",
    size = "5879605 octets" }

@book{ MischaCotlar1454,
    title = "An Introduction to Functional Analysis",
    title_sort = "An Introduction to Functional Analysis",
    author_sort = "Cotlar, Mischa \& Cignoli, Roberto",
    author = "Mischa Cotlar and Roberto Cignoli",
    cover = "/home/fernando/fer/Biblioteca/Biblioteca de calibre/Mischa Cotlar/An Introduction to Functional Analysis (1454)/cover.jpg",
    isbn = "978-04-4410-440-3",
    year = "1974",
    month = "oct",
    publisher = "North-Holland Publishing Company",
    size = "5055429 octets" }

@book{ GeraldTeschl1455,
    title = "Functional Analysis",
    title_sort = "Functional Analysis",
    author_sort = "Teschl, Gerald",
    author = "Gerald Teschl",
    cover = "/home/fernando/fer/Biblioteca/Biblioteca de calibre/Gerald Teschl/Functional Analysis (1455)/cover.jpg",
    year = "2006",
    month = "oct",
    publisher = "Fakult√§t f√ºr Mathematik, Universit√§t Wien",
    size = "1161176 octets" }

@book{ AnthonyW.Knapp1456,
    title = "Advanced Real Analysis",
    title_sort = "Advanced Real Analysis",
    author_sort = "Knapp, Anthony W.",
    author = "Anthony W. Knapp",
    cover = "/home/fernando/fer/Biblioteca/Biblioteca de calibre/Anthony W. Knapp/Advanced Real Analysis (1456)/cover.jpg",
    isbn = "978-08-1764-382-9",
    year = "2005",
    month = "jul",
    publisher = "Springer Science \& Business Media",
    size = "3396864 octets" }

@book{ MarkAleksandrovichKrasnoselskii1457,
    title = "Integral Operators in Spaces of Summable Functions",
    title_sort = "Integral Operators in Spaces of Summable Functions",
    author_sort = "Krasnosel πskiƒ≠, Mark Aleksandrovich \& Zabrejko, Petr Petroviƒç \& Pustylnik, E. I. \& Sobolevskij, Pavel E.",
    author = "Mark Aleksandrovich Krasnosel πskiƒ≠ and Petr Petroviƒç Zabrejko and E. I. Pustylnik and Pavel E. Sobolevskij",
    cover = "/home/fernando/fer/Biblioteca/Biblioteca de calibre/Mark Aleksandrovich Krasnosel'skii/Integral Operators in Spaces of Summable Functions (1457)/cover.jpg",
    isbn = "978-90-2860-294-6",
    year = "1976",
    month = "oct",
    publisher = "Noordhoff International Publishing",
    size = "2984825 octets" }

@book{ CharalambosD.Aliprantis1459,
    title = "Infinite Dimensional Analysis: A Hitchhiker's Guide",
    title_sort = "Infinite Dimensional Analysis: A Hitchhiker's Guide",
    author_sort = "Aliprantis, Charalambos D. \& Border, Kim C.",
    author = "Charalambos D. Aliprantis and Kim C. Border",
    cover = "/home/fernando/fer/Biblioteca/Biblioteca de calibre/Charalambos D. Aliprantis/Infinite Dimensional Analysis\_ A Hitchhiker's Guide (1459)/cover.jpg",
    isbn = "978-35-4032-696-0",
    year = "2007",
    month = "may",
    publisher = "Springer Science \& Business Media",
    size = "4254637 octets" }

@book{ JurgenAppell1460,
    title = "Nonlinear Superposition Operators",
    title_sort = "Nonlinear Superposition Operators",
    author_sort = "Appell, J√ºrgen \& Zabrejko, Petr P.",
    author = "J√ºrgen Appell and Petr P. Zabrejko",
    cover = "/home/fernando/fer/Biblioteca/Biblioteca de calibre/Jurgen Appell/Nonlinear Superposition Operators (1460)/cover.jpg",
    isbn = "978-05-2109-093-3",
    year = "2008",
    month = "nov",
    publisher = "Cambridge University Press",
    size = "1681678 octets" }

@book{ Jean-PierreAubin1462,
    title = "Applied Functional Analysis",
    title_sort = "Applied Functional Analysis",
    author_sort = "Aubin, Jean-Pierre",
    author = "Jean-Pierre Aubin",
    cover = "/home/fernando/fer/Biblioteca/Biblioteca de calibre/Jean-Pierre Aubin/Applied Functional Analysis (1462)/cover.jpg",
    isbn = "978-04-7117-976-4",
    year = "2000",
    month = "feb",
    publisher = "John Wiley \& Sons",
    size = "10235441 octets" }

@book{ R.M.Dudley1463,
    title = "Concrete Functional Calculus",
    title_sort = "Concrete Functional Calculus",
    author_sort = "Dudley, R. M. \& Norvai≈°a, R.",
    author = "R. M. Dudley and R. Norvai≈°a",
    cover = "/home/fernando/fer/Biblioteca/Biblioteca de calibre/R. M. Dudley/Concrete Functional Calculus (1463)/cover.jpg",
    isbn = "978-14-4196-950-7",
    year = "2010",
    month = "nov",
    publisher = "Springer Science \& Business Media",
    size = "4781808 octets" }

@book{ MohamedA.Khamsi1464,
    title = "Fixed Point Theory in Modular Function Spaces",
    title_sort = "Fixed Point Theory in Modular Function Spaces",
    author_sort = "Khamsi, Mohamed A. \& Kozlowski, Wojciech M.",
    author = "Mohamed A. Khamsi and Wojciech M. Kozlowski",
    cover = "/home/fernando/fer/Biblioteca/Biblioteca de calibre/Mohamed A. Khamsi/Fixed Point Theory in Modular Function Spaces (1464)/cover.jpg",
    isbn = "978-33-1914-050-6",
    year = "2015",
    month = "abr",
    publisher = "Springer International Publishing",
    size = "2190976 octets" }

@book{ DirkWerner1465,
    title = "Funktionalanalysis",
    title_sort = "Funktionalanalysis",
    author_sort = "Werner, Dirk",
    author = "Dirk Werner",
    cover = "/home/fernando/fer/Biblioteca/Biblioteca de calibre/Dirk Werner/Funktionalanalysis (1465)/cover.jpg",
    isbn = "978-36-4221-016-7",
    year = "2011",
    month = "jul",
    publisher = "Springer Berlin Heidelberg",
    size = "4721733 octets" }

@book{ BarbaraMacCluer1466,
    title = "Elementary Functional Analysis",
    title_sort = "Elementary Functional Analysis",
    author_sort = "MacCluer, Barbara",
    author = "Barbara MacCluer",
    cover = "/home/fernando/fer/Biblioteca/Biblioteca de calibre/Barbara MacCluer/Elementary Functional Analysis (1466)/cover.jpg",
    isbn = "978-03-8785-529-5",
    year = "2009",
    month = "oct",
    publisher = "Springer New York",
    size = "1221284 octets" }

@book{ TuomasHytonen1469,
    title = "Analysis in Banach Spaces: Volume I: Martingales and Littlewood-Paley Theory",
    title_sort = "Analysis in Banach Spaces: Volume I: Martingales and Littlewood-Paley Theory",
    author_sort = "Hyt√∂nen, Tuomas \& Neerven, Jan van \& Veraar, Mark \& Weis, Lutz",
    author = "Tuomas Hyt√∂nen and Jan van Neerven and Mark Veraar and Lutz Weis",
    cover = "/home/fernando/fer/Biblioteca/Biblioteca de calibre/Tuomas Hytonen/Analysis in Banach Spaces\_ Volume I\_ Martingales and Littlewood-Paley Theory (1469)/cover.jpg",
    isbn = "978-33-1948-519-5",
    year = "2016",
    month = "dic",
    publisher = "Springer International Publishing",
    size = "6647231 octets" }

@book{ EinarHille1470,
    title = "Functional Analysis and Semi-Groups",
    title_sort = "Functional Analysis and Semi-Groups",
    author_sort = "Hille, Einar \& Phillips, Ralph Saul",
    author = "Einar Hille and Ralph Saul Phillips",
    cover = "/home/fernando/fer/Biblioteca/Biblioteca de calibre/Einar Hille/Functional Analysis and Semi-Groups (1470)/cover.jpg",
    isbn = "978-08-2181-031-6",
    year = "1996",
    month = "feb",
    publisher = "American Mathematical Soc.",
    size = "78436847 octets" }

@book{ HiroyukiShima1476,
    title = "Functional Analysis for Physics and Engineering: An Introduction",
    title_sort = "Functional Analysis for Physics and Engineering: An Introduction",
    author_sort = "Shima, Hiroyuki",
    author = "Hiroyuki Shima",
    cover = "/home/fernando/fer/Biblioteca/Biblioteca de calibre/Hiroyuki Shima/Functional Analysis for Physics and Engineering\_ An Introduction (1476)/cover.jpg",
    isbn = "978-14-8222-303-3",
    year = "2016",
    month = "ene",
    publisher = "CRC Press",
    size = "1991150 octets" }

@book{ J.Nowinski1477,
    title = "Applications of Functional Analysis in Engineering",
    title_sort = "Applications of Functional Analysis in Engineering",
    author_sort = "Nowinski, J.",
    author = "J. Nowinski",
    cover = "/home/fernando/fer/Biblioteca/Biblioteca de calibre/J. Nowinski/Applications of Functional Analysis in Engineering (1477)/cover.jpg",
    isbn = "978-14-6843-928-1",
    year = "2012",
    month = "dic",
    publisher = "Springer US",
    size = "7056991 octets" }

