@book{Seroul:2000,
	author    = {S\'eroul, Raymond},
	title     = {Programming for Mathematicians},
	publisher = {Springer},
	isbn      = {978-3540664222},
	year      = {2000},
	series    = {Universitext},
	edition   = {},
	volume	  = {},
	note      = {Translated from the French by Donald O'Shea}
}

@book{ Rose:2015,
	author    = {Rose, Daniel and Stepanov, Alexander},
	title     = {From Mathematics to Generic programming},
	publisher = {Addison-Wesley},
	isbn =      {978-0-321-94204-3},
	year =      {2015},
	series =    {},
	edition =   {1st},
	volume =    {}
}