

@BOOK{parzen,
  author =       {E. Parzen},
  title =        {Teor'ia Moderna de Probabilidades y sus  Aplicaciones},
  publisher =    { Limusa},
  year =         {1987},
  }



@BOOK{ross,
  author =       {S. Ross},
  title =        {A first course in probability},
  publisher =    { Pearson},
  year =         {2018},
  }




@BOOK{berts,
  author =       {D. Bertsekas and J. Tsitsiklis},
  title =        {Introduction to Probability},
  publisher =    {Athena Scientific},
  year =         {2002},
  }


@BOOK{grimmet,
  author =       {G. Grimmett and D. Stirzaker},
  title =        {Probability and Random Processes},
  publisher =    {Oxford University Press},
  year =         {2020},
  }

@BOOK{wasserman,
  author =       {L. Wasserman },
  title =        {All of Statistics : A Concise Course in Statistical Inference.},
  publisher =    {Springer},
  year =         {2005},
  }
  @BOOK{devore,
  author =       {J. Devore },
  title =        {Probabilidad y Estadística para Ingeniería y Ciencias},
  publisher =    {Thomson Learning},
  year =         {2001},
  }

@BOOK{witten,
  author =       {G. James and D. Witten and T.  Hastie and R. L. Tibshirani },
  title =        {An Introduction to Statistical Learning: with Applications in R.},
  publisher =    {Springer},
  year =         {2017},
  }

@BOOK{boente,
  author =       {G. Boente and V. Yoahi},
  title =        {Notas de Estadística },
  publisher =    {UBA},
  year =         {2014},
  }


@BOOK{mosche,
  author =       {E. Moschetti and S. Ferrero and G. Palacio and M. Ruiz},
  title =        {Introducción a la Estadística para las Ciencias de la Vida},
  publisher =    {UniRío Editora. UNRC},
  year =         {2013},
  }


