

@book{ EliasM.Stein105,
    title = "Real Analysis: Measure Theory, Integration, and Hilbert Spaces",
    author = "Elias M. Stein and Rami Shakarchi",
    isbn = "978-14-0083-556-0",
    year = "2009",
    month = "nov",
    publisher = "Princeton University Press",
    languages = "eng" }


@book{ TerenceTao123,
    title = "An Introduction to Measure Theory",
    author = "Terence Tao",
    isbn = "978-14-7040-922-7",
    year = "2013",
    month = "ago",
    publisher = "American Mathematical Society",
    size = "1218984 octets",
    languages = "eng" }





@book{ DavidM.Bressoud121,
    title = "A Radical Approach to Lebesgue's Theory of Integration",
    author = "David M. Bressoud",
    isbn = "978-05-2188-474-7",
    year = "2008",
    month = "ene",
    publisher = "Cambridge University Press",
    size = "2937029 octets",
    languages = "eng" }


@book{wheeden2015measure,
  title={Measure and Integral: An Introduction to Real Analysis, Second Edition},
  author={Wheeden, R.L. and Zygmund, A.},
  isbn={9781498702904},
  series={Chapman \& Hall/CRC Pure and Applied Mathematics},
  year={2015},
  publisher={CRC Press}
}







