

@book{ JohnMcCleary84,
    title = "A First Course in Topology: Continuity and Dimension",
    author = "John McCleary",
    isbn = "978-08-2183-884-6",
    year = "2006",
    month = "may",
    publisher = "American Mathematical Soc.",
    size = "5474132 octets",
    languages = "eng" }

@book{ StefanWaldmann87,
    title = "Topology: An Introduction",
    author = "Stefan Waldmann",
    isbn = "978-33-1909-680-3",
    year = "2014",
    month = "ago",
    publisher = "Springer",
    size = "2106432 octets",
    languages = "eng" }

@book{ JohnB.Conway251,
    title = "A Course in Point Set Topology",
    author = "John B. Conway",
    isbn = "978-33-1902-368-7",
    year = "2013",
    month = "nov",
    publisher = "Springer Science \& Business Media",
    size = "1568349 octets",
    languages = "eng" }

@book{ VolkerRunde255,
    title = "A Taste of Topology",
    author = "Volker Runde",
    isbn = "978-03-8725-790-7",
    year = "2007",
    month = "dic",
    publisher = "Springer Science \& Business Media",
    size = "1614108 octets",
    languages = "eng" }

@book{ JamesDugundji433,
    title = "Topology",
    author = "James Dugundji",
    isbn = "978-06-9706-889-7",
    year = "1989",
    month = "jun",
    publisher = "Wm. C. Brown",
    size = "3581157 octets",
    languages = "eng" }

@book{ RobertMesser505,
    title = "Topology Now!",
    author = "Robert Messer and Philip Straffin",
    isbn = "978-14-7044-781-6",
    year = "2018",
    month = "oct",
    publisher = "American Mathematical Soc.",
    size = "2960631 octets",
    languages = "eng" }

@book{ TheodoreW.Gamelin506,
    title = "Introduction to Topology: Second Edition",
    author = "Theodore W. Gamelin and Robert Everist Greene",
    isbn = "978-04-8632-018-2",
    year = "2013",
    month = "abr",
    publisher = "Courier Corporation",
    size = "2147768 octets",
    languages = "eng" }

@book{ RobertAConover507,
    title = "A First Course in Topology: An Introduction to Mathematical Thinking",
    author = "Robert A Conover",
    isbn = "978-04-8678-001-6",
    year = "2014",
    month = "may",
    publisher = "Courier Corporation",
    size = "6420893 octets",
    languages = "eng" }

@book{ JohnB.Conway702,
    title = "A Course in Point Set Topology",
    author = "John B. Conway",
    isbn = "978-33-1902-368-7",
    year = "2013",
    month = "nov",
    publisher = "Springer Science \& Business Media",
    size = "1568349 octets",
    languages = "eng" }

@book{ JohnMcCleary704,
    title = "A First Course in Topology: Continuity and Dimension",
    author = "John McCleary",
    isbn = "978-08-2183-884-6",
    year = "2006",
    month = "nov",
    publisher = "American Mathematical Soc.",
    size = "5474132 octets",
    languages = "eng" }

@book{morris1989topology,
  title={Topology Without Tears},
  author={Morris, S.A. and University of New England. Department of Mathematics, Statistics and Computing Science},
  url={https://books.google.com.ar/books?id=YLvKtgAACAAJ},
  year={1989},
  publisher={University of New England}
}
